%%%%%%%%%%%%%%%%%%%%%%%%%%%%%%%%%%%%%%%%%%%%%%%%%%%%%%%%%%%%%%%%%
%                                                               %
%                          TEMPLATES                            %
%                                                               %
%%%%%%%%%%%%%%%%%%%%%%%%%%%%%%%%%%%%%%%%%%%%%%%%%%%%%%%%%%%%%%%%%






@ARTICLE
{
	,
	AUTHOR		= {},		% necessary
	TITLE		= {{}},		% necessary
	JOURNAL		= {{}},		% necessary
	YEAR		= {{}},		% necessary
	VOLUME		= {{}},
	NUMBER		= {{}},
	PAGES		= {{}},
	MONTH		= {{}},
	NOTE		= {{}}
}





@BOOK
{
	,
	AUTHOR		= {},		% necessary
	TITLE		= {{}},		% necessary
	PUBLISHER	= {{}},		% necessary
	YEAR		= {{}},		% necessary
	VOLUME		= {{}},
	SERIES		= {{}},
	ADDRESS		= {{}},
	EDITION		= {{}},
	MONTH		= {{}},
	NOTE		= {{}}
}






@BOOKLET
{
	,
	AUTHOR		= {},		% necessary
	TITLE		= {{}},
	HOWPUBLISHED= {{}},
	ADDRESS		= {{}},
	YEAR		= {{}},
	MONTH		= {{}},
	NOTE		= {{}}
}







@INBOOK
{
	,
	AUTHOR		= {},		% necessary
	TITLE		= {{}},		% necessary
	CHAPTER		= {{}},		% necessary
	PUBLISHER	= {{}},		% necessary
	YEAR		= {{}},		% necessary
	VOLUME		= {{}},
	SERIES		= {{}},
	TYPE		= {{}},
	ADDRESS		= {{}},
	EDITION		= {{}},
	MONTH		= {{}},
	NOTE		= {{}}
} 






@INCOLLECTION
{
	,
	AUTHOR		= {},		% necessary
	TITLE		= {{}},		% necessary
	BOOKTITLE	= {{}},		% necessary
	PUBLISHER	= {{}},		% necessary
	YEAR		= {{}},		% necessary
	EDITION		= {{}},
	VOLUME		= {{}},
	SERIES		= {{}},
	TYPE		= {{}},
	CHAPTER		= {{}},
	PAGES		= {{}},
	ADDRESS		= {{}},
	EDITION		= {{}},
	MONTH		= {{}},
	NOTE		= {{}}
} 






@INPROCEEDINGS
{
	,
	AUTHOR		= {},		% necessary
	TITLE		= {{}},		% necessary
	BOOKTITLE	= {{}},		% necessary
	YEAR		= {{}},		% necessary
	EDITION		= {{}},
	VOLUME		= {{}},
	SERIES		= {{}},
	PAGES		= {{}},
	ADDRESS		= {{}},
	MONTH		= {{}},
	ORGANIZATION= {{}},
	PUBLISHER	= {{}},
	NOTE		= {{}}
} 









@MANUAL
{
	,
	TITLE		= {},		% necessary
	AUTHOR		= {{}},
	YEAR		= {{}},
	EDITION		= {{}},
	ADDRESS		= {{}},
	MONTH		= {{}},
	ORGANIZATION= {{}},
	NOTE		= {{}}
} 









@MASTERSTHESIS
{
	,
	AUTHOR		= {},		% necessary
	TITLE		= {{}},		% necessary
	SCHOOL		= {{}},		% necessary
	YEAR		= {{}},		% necessary
	TYPE		= {{}},
	ADDRESS		= {{}},
	MONTH		= {{}},
	NOTE		= {{}}
} 








@MISC
{
	,
	AUTHOR		= {},
	TITLE		= {{}},
	HOWPUBLISHED= {{}},
	MONTH		= {{}},
	YEAR		= {{}},
	NOTE		= {{}}
}









@PHDTHESIS
{
	,
	AUTHOR		= {},		% necessary
	TITLE		= {{}},		% necessary
	SCHOOL		= {{}},		% necessary
	YEAR		= {{}},		% necessary
	TYPE		= {{}},
	ADDRESS		= {{}},
	MONTH		= {{}},
	NOTE		= {{}}
} 








@PROCEEDINGS
{
	,
	TITLE		= {{}},		% necessary
	YEAR		= {{}},		% necessary
	EDITOR		= {{}},
	VOLUME		= {{}},
	SERIES		= {{}},
	ADDRESS		= {{}},
	MONTH		= {{}},
	ORGANIZATION= {{}},
	PUBLISHER	= {{}},
	NOTE		= {{}}
} 








@TECHREPORT
{
	,
	AUTHOR		= {},		% necessary
	TITLE		= {{}},		% necessary
	INSTITUTION	= {{}},		% necessary
	YEAR		= {{}},		% necessary
	TYPE		= {{}},
	NUMBER		= {{}},
	ADDRESS		= {{}},
	MONTH		= {{}},
	NOTE		= {{}}
} 








@UNPUBLISHED
{
	,
	AUTHOR		= {},		% necessary
	TITLE		= {{}},		% necessary
	NOTE		= {{}},		% necessary
	MONTH		= {{}},
	YEAR		= {{}}
}






