@String{ IEEE_J_AES = "{IEEE} Trans. Aerosp. Electron. Syst." }

@String{ IEEE_J_ANE = "{IEEE} Trans. Aerosp. Navig. Electron." }

@String{ IEEE_J_ANNE = "{IEEE} Trans. Aeronaut. Navig. Electron." }

@String{ IEEE_J_AS = "{IEEE} Trans. Aerosp." }

@String{ IEEE_J_AIRE = "{IEEE} Trans. Airborne Electron." }

@String{ IEEE_J_MIL = "{IEEE} Trans. Mil. Electron." }

@String{ IEEE_J_ITS = "{IEEE} Trans. Intell. Transport. Syst." }

@String{ IEEE_J_VT = "{IEEE} Trans. Veh. Technol." }

@String{ IEEE_J_VC = "{IEEE} Trans. Veh. Commun." }

@String{ IEEE_J_SPL = "{IEEE} Signal Processing Lett." }

@String{ IEEE_J_ASSP = "{IEEE} Trans. Acoust., Speech, Signal Processing" }

@String{ IEEE_J_AU = "{IEEE} Trans. Audio" }

@String{ IEEE_J_AUEA = "{IEEE} Trans. Audio Electroacoust." }

@String{ IEEE_J_AC = "{IEEE} Trans. Automat. Contr." }

@String{ IEEE_J_CAS = "{IEEE} Trans. Circuits Syst." }

@String{ IEEE_J_CASVT = "{IEEE} Trans. Circuits Syst. Video Technol." }

@String{ IEEE_J_CASI = "{IEEE} Trans. Circuits Syst. {I}" }

@String{ IEEE_J_CASII = "{IEEE} Trans. Circuits Syst. {II}" }

@String{ IEEE_J_CT = "{IEEE} Trans. Circuit Theory" }

@String{ IEEE_J_CST = "{IEEE} Trans. Contr. Syst. Technol." }

@String{ IEEE_J_SP = "{IEEE} Trans. Signal Processing" }

@String{ IEEE_J_SU = "{IEEE} Trans. Sonics Ultrason." }

@String{ IEEE_J_SAP = "{IEEE} Trans. Speech Audio Processing" }

@String{ IEEE_J_UE = "{IEEE} Trans. Ultrason. Eng." }

@String{ IEEE_J_UFFC = "{IEEE} Trans. Ultrason., Ferroelect., Freq. Contr." }

@String{ IEEE_J_COML = "{IEEE} Commun. Lett." }

@String{ IEEE_J_JSAC = "{IEEE} J. Select. Areas Commun." }

@String{ IEEE_J_COM = "{IEEE} Trans. Commun." }

@String{ IEEE_J_COMT = "{IEEE} Trans. Commun. Technol." }

@String{ IEEE_J_WCOM = "{IEEE} Trans. Wireless Commun." }

@String{ IEEE_J_ADVP = "{IEEE} Trans. Adv. Packag." }

@String{ IEEE_J_CHMT = "{IEEE} Trans. Comp., Hybrids, Manufact. Technol." }

@String{ IEEE_J_CPMTA = "{IEEE} Trans. Comp., Packag., Manufact. Technol. {A}" }

@String{ IEEE_J_CPMTB = "{IEEE} Trans. Comp., Packag., Manufact. Technol. {B}" }

@String{ IEEE_J_CPMTC = "{IEEE} Trans. Comp., Packag., Manufact. Technol. {C}" }

@String{ IEEE_J_CAPT = "{IEEE} Trans. Comp. Packag. Technol." }

@String{ IEEE_J_CAPTS = "{IEEE} Trans. Comp. Packag. Technol." }

@String{ IEEE_J_CPART = "{IEEE} Trans. Comp. Parts" }

@String{ IEEE_J_EPM = "{IEEE} Trans. Electron. Packag. Manufact." }

@String{ IEEE_J_MFT = "{IEEE} Trans. Manufact. Technol." }

@String{ IEEE_J_PHP = "{IEEE} Trans. Parts, Hybrids, Packag." }

@String{ IEEE_J_PMP = "{IEEE} Trans. Parts, Mater., Packag." }

@String{ IEEE_J_TCAD = "{IEEE} J. Technol. Computer Aided Design" }

@String{ IEEE_J_CAD = "{IEEE} Trans. Computer-Aided Design" }

@String{ IEEE_J_IT = "{IEEE} Trans. Inform. Theory" }

@String{ IEEE_J_KDE = "{IEEE} Trans. Knowledge Data Eng." }

@String{ IEEE_J_C = "{IEEE} Trans. Comput." }

@String{ IEEE_J_ECOMP = "{IEEE} Trans. Electron. Comput." }

@String{ IEEE_J_EVC = "{IEEE} Trans. Evol. Comput." }

@String{ IEEE_J_FUZZ = "{IEEE} Trans. Fuzzy Syst." }

@String{ IEEE_J_NET = "{IEEE/ACM} Trans. Networking" }

@String{ IEEE_J_NN = "{IEEE} Trans. Neural Networks" }

@String{ IEEE_J_PDS = "{IEEE} Trans. Parallel Distrib. Syst." }

@String{ IEEE_J_SE = "{IEEE} Trans. Software Eng." }

@String{ IEEE_J_IP = "{IEEE} Trans. Image Processing" }

@String{ IEEE_J_MM = "{IEEE} Trans. Multimedia" }

@String{ IEEE_J_VCG = "{IEEE} Trans. Visual. Comput. Graphics" }

@String{ IEEE_J_JRA = "{IEEE} J. Robot. Automat." }

@String{ IEEE_J_HFE = "{IEEE} Trans. Hum. Factors Electron." }

@String{ IEEE_J_MMS = "{IEEE} Trans. Man-Mach. Syst." }

@String{ IEEE_J_PAMI = "{IEEE} Trans. Pattern Anal. Machine Intell." }

@String{ IEEE_J_RA = "{IEEE} Trans. Robot. Automat." }

@String{ IEEE_J_SMC = "{IEEE} Trans. Syst., Man, Cybern." }

@String{ IEEE_J_SMCA = "{IEEE} Trans. Syst., Man, Cybern. {A}" }

@String{ IEEE_J_SMCB = "{IEEE} Trans. Syst., Man, Cybern. {B}" }

@String{ IEEE_J_SMCC = "{IEEE} Trans. Syst., Man, Cybern. {C}" }

@String{ IEEE_J_SSC = "{IEEE} Trans. Syst. Sci. Cybernetics" }

@String{ IEEE_J_GE = "{IEEE} Trans. Geosci. Electron." }

@String{ IEEE_J_GRS = "{IEEE} Trans. Geosci. Remote Sensing" }

@String{ IEEE_J_OE = "{IEEE} J. Oceanic Eng." }

@String{ IEEE_J_PROC = "Proc. {IEEE}" }

@String{ IEEE_J_EDU = "{IEEE} Trans. Educ." }

@String{ IEEE_J_EM = "{IEEE} Trans. Eng. Manage." }

@String{ IEEE_J_PC = "{IEEE} Trans. Prof. Commun." }

@String{ IEEE_J_AWPL = "{IEEE} Antennas Wireless Propagat. Lett." }

@String{ IEEE_J_MGWL = "{IEEE} Microwave Guided Wave Lett." }

@String{ IEEE_J_MWCL = "{IEEE} Microwave Wireless Compon. Lett." }

@String{ IEEE_J_AP = "{IEEE} Trans. Antennas Propagat." }

@String{ IEEE_J_EMC = "{IEEE} Trans. Electromagn. Compat." }

@String{ IEEE_J_MAG = "{IEEE} Trans. Magn." }

@String{ IEEE_J_MTT = "{IEEE} Trans. Microwave Theory Tech." }

@String{ IEEE_J_RFI = "{IEEE} Trans. Radio Freq. Interference" }

@String{ IEEE_J_TJMJ = "{IEEE} Transl. J. Magn. Jpn." }

@String{ IEEE_J_EC = "{IEEE} Trans. Energy Conversion" }

@String{ IEEE_J_PWRAS = "{IEEE} Trans. Power App. Syst." }

@String{ IEEE_J_PWRD = "{IEEE} Trans. Power Delivery" }

@String{ IEEE_J_PWRE = "{IEEE} Trans. Power Electron." }

@String{ IEEE_J_PWRS = "{IEEE} Trans. Power Syst." }

@String{ IEEE_J_APPIND = "{IEEE} Trans. Applicat. Ind." }

@String{ IEEE_J_BC = "{IEEE} Trans. Broadcast." }

@String{ IEEE_J_CE = "{IEEE} Trans. Consumer Electron." }

@String{ IEEE_J_IE = "{IEEE} Trans. Ind. Electron." }

@String{ IEEE_J_IECI = "{IEEE} Trans. Ind. Electron. Contr. Instrum." }

@String{ IEEE_J_IA = "{IEEE} Trans. Ind. Applicat." }

@String{ IEEE_J_IGA = "{IEEE} Trans. Ind. Gen. Applicat." }

@String{ IEEE_J_IM = "{IEEE} Trans. Instrum. Meas." }

@String{ IEEE_J_DEI = "{IEEE} Trans. Dielect. Elect. Insulation" }

@String{ IEEE_J_EI = "{IEEE} Trans. Elect. Insulation" }

@String{ IEEE_J_MECH = "{IEEE/ASME} Trans. Mechatron." }

@String{ IEEE_J_MEMS = "J. Microelectromech. Syst." }

@String{ IEEE_J_BME = "{IEEE} Trans. Biomed. Eng." }

@String{ IEEE_J_B-ME = "{IEEE} Trans. Bio-Med. Eng." }

@String{ IEEE_J_BMELC = "{IEEE} Trans. Bio-Med. Electron." }

@String{ IEEE_J_ITBM = "{IEEE} Trans. Inform. Technol. Biomed." }

@String{ IEEE_J_ME = "{IEEE} Trans. Med. Electron." }

@String{ IEEE_J_MI = "{IEEE} Trans. Med. Imag." }

@String{ IEEE_J_NB = "{IEEE} Trans. Nanobiosci." }

@String{ IEEE_J_NSRE = "{IEEE} Trans. Neural Syst. Rehab. Eng." }

@String{ IEEE_J_RE = "{IEEE} Trans. Rehab. Eng." }

@String{ IEEE_J_PTL = "{IEEE} Photon. Technol. Lett." }

@String{ IEEE_J_JLT = "J. Lightwave Technol." }

@String{ IEEE_J_EDL = "{IEEE} Electron Device Lett." }

@String{ IEEE_J_JQE = "{IEEE} J. Quantum Electron." }

@String{ IEEE_J_JSTQE = "{IEEE} J. Select. Topics Quantum Electron." }

@String{ IEEE_J_ED = "{IEEE} Trans. Electron Devices" }

@String{ IEEE_J_NANO = "{IEEE} Trans. Nanotechnol." }

@String{ IEEE_J_NS = "{IEEE} Trans. Nucl. Sci." }

@String{ IEEE_J_PS = "{IEEE} Trans. Plasma Sci." }

@String{ IEEE_J_DMR = "{IEEE} Trans. Device Mat. Rel." }

@String{ IEEE_J_R = "{IEEE} Trans. Rel." }

@String{ IEEE_J_JSSC = "{IEEE} J. Solid-State Circuits" }

@String{ IEEE_J_ASC = "{IEEE} Trans. Appl. Superconduct." }

@String{ IEEE_J_SM = "{IEEE} Trans. Semiconduct. Manufact." }

@String{ IEEE_J_SENSOR = "{IEEE} Sensors J." }

@String{ IEEE_J_VLSI = "{IEEE} Trans. {VLSI} Syst." }

@String{ IEEE_M_AES = "{IEEE} Aerosp. Electron. Syst. Mag" }

@String{ IEEE_M_HIST = "{IEEE} Annals Hist. Comput." }

@String{ IEEE_M_AP = "{IEEE} Antennas Propagat. Mag." }

@String{ IEEE_M_ASSP = "{IEEE} {ASSP} Mag." }

@String{ IEEE_M_CD = "{IEEE} Circuits Devices Mag." }

@String{ IEEE_M_CAS = "{IEEE} Circuits Syst. Mag." }

@String{ IEEE_M_COM = "{IEEE} Commun. Mag." }

@String{ IEEE_M_COMSOC = "{IEEE} Commun. Soc. Mag." }

@String{ IEEE_M_CSE = "{IEEE} Comput. Sci. Eng." }

@String{ IEEE_M_CSEM = "{IEEE} Comput. Sci. Eng. Mag." }

@String{ IEEE_M_C = "{IEEE} Computer" }

@String{ IEEE_M_CAP = "{IEEE} Comput. Appl. Power" }

@String{ IEEE_M_CGA = "{IEEE} Comput. Graph. Appl." }

@String{ IEEE_M_CONC = "{IEEE} Concurrency" }

@String{ IEEE_M_CS = "{IEEE} Control Syst. Mag." }

@String{ IEEE_M_DTC = "{IEEE} Des. Test. Comput." }

@String{ IEEE_M_EI = "{IEEE} Electr. Insul. Mag." }

@String{ IEEE_M_EMB = "{IEEE} Eng. Med. Biol. Mag." }

@String{ IEEE_M_EMR = "{IEEE} Eng. Manag. Rev." }

@String{ IEEE_M_EXP = "{IEEE} Expert" }

@String{ IEEE_M_IA = "{IEEE} Ind. Appl. Mag." }

@String{ IEEE_M_IM = "{IEEE} Instrum. Meas. Mag." }

@String{ IEEE_M_IS = "{IEEE} Intell. Syst." }

@String{ IEEE_M_IC = "{IEEE} Internet Comput." }

@String{ IEEE_M_ITP = "{IEEE} {IT} Prof." }

@String{ IEEE_M_MICRO = "{IEEE} Micro" }

@String{ IEEE_M_MW = "{IEEE} Microwave" }

@String{ IEEE_M_MM = "{IEEE} Multimedia" }

@String{ IEEE_M_NET = "{IEEE} Network" }

@String{ IEEE_M_PCOM = "{IEEE} Personal Commun. Mag." }

@String{ IEEE_M_POT = "{IEEE} Potentials" }

@String{ IEEE_M_PE = "{IEEE} Power Energy Mag." }

@String{ IEEE_M_PER = "{IEEE} Power Eng. Rev." }

@String{ IEEE_M_RA = "{IEEE} Robot. Automat. Mag." }

@String{ IEEE_M_SP = "{IEEE} Signal Processing Mag." }

@String{ IEEE_M_S = "{IEEE} Softw." }

@String{ IEEE_M_SPECT = "{IEEE} Spectr." }

@String{ IEEE_M_TS = "{IEEE} Technol. Soc. Mag." }

@String{ IEEE_M_WC = "{IEEE} Wireless Commun. Mag." }

@String{ IEEE_M_TODAY = "Today's Eng." }

