@MISC{raymond00jargon,
  author = {Eric Raymond},
  title = {The Jargon file},
  howpublished = {Web page},
  month = {January},
  year = {2000},
  note = {Version 4.2.0, \verb+http://www.tuxedo.org/~esr/jargon/+}
}

